@misc{budassi2020,
    author={Pablo Carlos Budassi},
    year=2020,
    title={Stellar Classification Chart},
  }
